{"op":"mcm","clk":"8457611468","pt":1548546391215,"mc":[{"id":"1.154176369","marketDefinition":{"bspMarket":false,"turnInPlayEnabled":true,"persistenceEnabled":true,"marketBaseRate":5.0,"eventId":"29100785","eventTypeId":"2","numberOfWinners":1,"bettingType":"ODDS","marketType":"MATCH_ODDS","marketTime":"2019-01-27T18:00:00.000Z","suspendTime":"2019-01-27T18:00:00.000Z","bspReconciled":false,"complete":true,"inPlay":false,"crossMatching":true,"runnersVoidable":false,"numberOfActiveRunners":2,"betDelay":0,"status":"OPEN","runners":[{"status":"ACTIVE","sortPriority":1,"id":6215852,"name":"Jessica Pegula"},{"status":"ACTIVE","sortPriority":2,"id":10141729,"name":"Bianca Andreescu"}],"regulators":["MR_INT"],"discountAllowed":true,"timezone":"UTC","openDate":"2019-01-27T18:00:00.000Z","version":2610501465,"name":"Match Odds","eventName":"Pegula v Andreescu"}}]}
{"op":"mcm","clk":"8458236338","pt":1548557501121,"mc":[{"id":"1.154176369","rc":[{"ltp":3.15,"id":6215852}]}]}
{"op":"mcm","clk":"8458928393","pt":1548573447603,"mc":[{"id":"1.154176369","rc":[{"ltp":1.39,"id":10141729}]}]}
{"op":"mcm","clk":"8459029258","pt":1548574960715,"mc":[{"id":"1.154176369","rc":[{"ltp":1.4,"id":10141729}]}]}
{"op":"mcm","clk":"8459281188","pt":1548578489600,"mc":[{"id":"1.154176369","rc":[{"ltp":1.41,"id":10141729}]}]}
{"op":"mcm","clk":"8459316191","pt":1548578808344,"mc":[{"id":"1.154176369","rc":[{"ltp":3.35,"id":6215852}]}]}
{"op":"mcm","clk":"8459397297","pt":1548579885530,"mc":[{"id":"1.154176369","rc":[{"ltp":1.4,"id":10141729}]}]}
{"op":"mcm","clk":"8459406537","pt":1548580032906,"mc":[{"id":"1.154176369","rc":[{"ltp":1.37,"id":10141729}]}]}
{"op":"mcm","clk":"8460024247","pt":1548586648805,"mc":[{"id":"1.154176369","rc":[{"ltp":1.42,"id":10141729}]}]}
{"op":"mcm","clk":"8460132967","pt":1548587346924,"mc":[{"id":"1.154176369","rc":[{"ltp":3.65,"id":6215852},{"ltp":1.37,"id":10141729}]}]}
{"op":"mcm","clk":"8460278089","pt":1548588211560,"mc":[{"id":"1.154176369","rc":[{"ltp":1.38,"id":10141729}]}]}
{"op":"mcm","clk":"8460289738","pt":1548588279921,"mc":[{"id":"1.154176369","rc":[{"ltp":3.75,"id":6215852},{"ltp":1.37,"id":10141729}]}]}
{"op":"mcm","clk":"8460515562","pt":1548589539362,"mc":[{"id":"1.154176369","rc":[{"ltp":3.7,"id":6215852}]}]}
{"op":"mcm","clk":"8460591718","pt":1548590085043,"mc":[{"id":"1.154176369","rc":[{"ltp":1.36,"id":10141729}]}]}
{"op":"mcm","clk":"8460598934","pt":1548590140714,"mc":[{"id":"1.154176369","rc":[{"ltp":1.37,"id":10141729}]}]}
{"op":"mcm","clk":"8460704422","pt":1548590796321,"mc":[{"id":"1.154176369","rc":[{"ltp":3.6,"id":6215852},{"ltp":1.38,"id":10141729}]}]}
{"op":"mcm","clk":"8460737573","pt":1548590995157,"mc":[{"id":"1.154176369","rc":[{"ltp":1.37,"id":10141729}]}]}
{"op":"mcm","clk":"8460757798","pt":1548591119652,"mc":[{"id":"1.154176369","rc":[{"ltp":1.38,"id":10141729}]}]}
{"op":"mcm","clk":"8460821103","pt":1548591439096,"mc":[{"id":"1.154176369","rc":[{"ltp":1.37,"id":10141729}]}]}
{"op":"mcm","clk":"8460871793","pt":1548591725827,"mc":[{"id":"1.154176369","rc":[{"ltp":1.38,"id":10141729}]}]}
{"op":"mcm","clk":"8460888165","pt":1548591821220,"mc":[{"id":"1.154176369","rc":[{"ltp":1.37,"id":10141729}]}]}
{"op":"mcm","clk":"8460972732","pt":1548592300182,"mc":[{"id":"1.154176369","rc":[{"ltp":3.7,"id":6215852}]}]}
{"op":"mcm","clk":"8461044953","pt":1548592715554,"mc":[{"id":"1.154176369","rc":[{"ltp":1.38,"id":10141729}]}]}
{"op":"mcm","clk":"8461117661","pt":1548593114161,"mc":[{"id":"1.154176369","rc":[{"ltp":1.36,"id":10141729}]}]}
{"op":"mcm","clk":"8461158185","pt":1548593385173,"mc":[{"id":"1.154176369","rc":[{"ltp":1.37,"id":10141729}]}]}
{"op":"mcm","clk":"8461165877","pt":1548593445020,"mc":[{"id":"1.154176369","rc":[{"ltp":3.75,"id":6215852}]}]}
{"op":"mcm","clk":"8461171943","pt":1548593492549,"mc":[{"id":"1.154176369","rc":[{"ltp":1.36,"id":10141729}]}]}
{"op":"mcm","clk":"8461202692","pt":1548593731855,"mc":[{"id":"1.154176369","rc":[{"ltp":1.37,"id":10141729}]}]}
{"op":"mcm","clk":"8461521115","pt":1548595885699,"mc":[{"id":"1.154176369","rc":[{"ltp":3.7,"id":6215852}]}]}
{"op":"mcm","clk":"8461573655","pt":1548596190154,"mc":[{"id":"1.154176369","rc":[{"ltp":1.36,"id":10141729}]}]}
{"op":"mcm","clk":"8461587640","pt":1548596265287,"mc":[{"id":"1.154176369","rc":[{"ltp":1.37,"id":10141729}]}]}
{"op":"mcm","clk":"8461612823","pt":1548596416364,"mc":[{"id":"1.154176369","rc":[{"ltp":1.36,"id":10141729}]}]}
{"op":"mcm","clk":"8461626652","pt":1548596504317,"mc":[{"id":"1.154176369","rc":[{"ltp":1.37,"id":10141729}]}]}
{"op":"mcm","clk":"8461701468","pt":1548596905175,"mc":[{"id":"1.154176369","rc":[{"ltp":1.36,"id":10141729}]}]}
{"op":"mcm","clk":"8461722336","pt":1548597038647,"mc":[{"id":"1.154176369","rc":[{"ltp":1.37,"id":10141729}]}]}
{"op":"mcm","clk":"8461767853","pt":1548597340380,"mc":[{"id":"1.154176369","rc":[{"ltp":1.36,"id":10141729}]}]}
{"op":"mcm","clk":"8461801662","pt":1548597521275,"mc":[{"id":"1.154176369","rc":[{"ltp":1.37,"id":10141729}]}]}
{"op":"mcm","clk":"8461815312","pt":1548597618353,"mc":[{"id":"1.154176369","rc":[{"ltp":1.36,"id":10141729}]}]}
{"op":"mcm","clk":"8461827240","pt":1548597697304,"mc":[{"id":"1.154176369","rc":[{"ltp":1.37,"id":10141729}]}]}
{"op":"mcm","clk":"8462108022","pt":1548599366557,"mc":[{"id":"1.154176369","rc":[{"ltp":1.36,"id":10141729}]}]}
{"op":"mcm","clk":"8462150095","pt":1548599653282,"mc":[{"id":"1.154176369","rc":[{"ltp":3.75,"id":6215852}]}]}
{"op":"mcm","clk":"8462252638","pt":1548600195182,"mc":[{"id":"1.154176369","rc":[{"ltp":3.7,"id":6215852},{"ltp":1.37,"id":10141729}]}]}
{"op":"mcm","clk":"8462341244","pt":1548600760555,"mc":[{"id":"1.154176369","rc":[{"ltp":1.38,"id":10141729}]}]}
{"op":"mcm","clk":"8462358345","pt":1548600881395,"mc":[{"id":"1.154176369","rc":[{"ltp":1.37,"id":10141729}]}]}
{"op":"mcm","clk":"8462395851","pt":1548601065225,"mc":[{"id":"1.154176369","rc":[{"ltp":3.8,"id":6215852},{"ltp":1.36,"id":10141729}]}]}
{"op":"mcm","clk":"8462403149","pt":1548601115897,"mc":[{"id":"1.154176369","rc":[{"ltp":3.65,"id":6215852},{"ltp":1.38,"id":10141729}]}]}
{"op":"mcm","clk":"8462463905","pt":1548601469318,"mc":[{"id":"1.154176369","rc":[{"ltp":1.37,"id":10141729}]}]}
{"op":"mcm","clk":"8462512974","pt":1548601739283,"mc":[{"id":"1.154176369","rc":[{"ltp":3.6,"id":6215852}]}]}
{"op":"mcm","clk":"8462583229","pt":1548602080430,"mc":[{"id":"1.154176369","rc":[{"ltp":1.38,"id":10141729}]}]}
{"op":"mcm","clk":"8462736565","pt":1548602886059,"mc":[{"id":"1.154176369","rc":[{"ltp":1.37,"id":10141729}]}]}
{"op":"mcm","clk":"8462804328","pt":1548603269019,"mc":[{"id":"1.154176369","rc":[{"ltp":1.36,"id":10141729}]}]}
{"op":"mcm","clk":"8463050204","pt":1548604709693,"mc":[{"id":"1.154176369","rc":[{"ltp":1.37,"id":10141729}]}]}
{"op":"mcm","clk":"8463108206","pt":1548605085086,"mc":[{"id":"1.154176369","rc":[{"ltp":3.65,"id":6215852},{"ltp":1.38,"id":10141729}]}]}
{"op":"mcm","clk":"8463118620","pt":1548605142269,"mc":[{"id":"1.154176369","rc":[{"ltp":1.37,"id":10141729}]}]}
{"op":"mcm","clk":"8463124779","pt":1548605176128,"mc":[{"id":"1.154176369","rc":[{"ltp":1.38,"id":10141729}]}]}
{"op":"mcm","clk":"8463139049","pt":1548605254823,"mc":[{"id":"1.154176369","rc":[{"ltp":1.36,"id":10141729}]}]}
{"op":"mcm","clk":"8463182622","pt":1548605491059,"mc":[{"id":"1.154176369","rc":[{"ltp":1.38,"id":10141729}]}]}
{"op":"mcm","clk":"8463224182","pt":1548605684388,"mc":[{"id":"1.154176369","rc":[{"ltp":3.6,"id":6215852},{"ltp":1.41,"id":10141729}]}]}
{"op":"mcm","clk":"8463233971","pt":1548605738259,"mc":[{"id":"1.154176369","rc":[{"ltp":1.39,"id":10141729}]}]}
{"op":"mcm","clk":"8463295847","pt":1548606104850,"mc":[{"id":"1.154176369","rc":[{"ltp":3.7,"id":6215852}]}]}
{"op":"mcm","clk":"8463360041","pt":1548606452445,"mc":[{"id":"1.154176369","rc":[{"ltp":3.55,"id":6215852}]}]}
{"op":"mcm","clk":"8463379233","pt":1548606580432,"mc":[{"id":"1.154176369","rc":[{"ltp":3.5,"id":6215852},{"ltp":1.4,"id":10141729}]}]}
{"op":"mcm","clk":"8463388494","pt":1548606639792,"mc":[{"id":"1.154176369","rc":[{"ltp":3.45,"id":6215852}]}]}
{"op":"mcm","clk":"8463398757","pt":1548606699843,"mc":[{"id":"1.154176369","rc":[{"ltp":1.41,"id":10141729}]}]}
{"op":"mcm","clk":"8463410022","pt":1548606764904,"mc":[{"id":"1.154176369","rc":[{"ltp":3.4,"id":6215852}]}]}
{"op":"mcm","clk":"8463419880","pt":1548606823567,"mc":[{"id":"1.154176369","rc":[{"ltp":1.42,"id":10141729}]}]}
{"op":"mcm","clk":"8463495352","pt":1548607271869,"mc":[{"id":"1.154176369","rc":[{"ltp":3.35,"id":6215852},{"ltp":1.41,"id":10141729}]}]}
{"op":"mcm","clk":"8463516682","pt":1548607362734,"mc":[{"id":"1.154176369","rc":[{"ltp":3.45,"id":6215852},{"ltp":1.4,"id":10141729}]}]}
{"op":"mcm","clk":"8463532715","pt":1548607472552,"mc":[{"id":"1.154176369","rc":[{"ltp":3.35,"id":6215852},{"ltp":1.42,"id":10141729}]}]}
{"op":"mcm","clk":"8463543097","pt":1548607543638,"mc":[{"id":"1.154176369","rc":[{"ltp":3.8,"id":6215852},{"ltp":1.4,"id":10141729}]}]}
{"op":"mcm","clk":"8463565607","pt":1548607714194,"mc":[{"id":"1.154176369","rc":[{"ltp":1.39,"id":10141729}]}]}
{"op":"mcm","clk":"8463581739","pt":1548607845526,"mc":[{"id":"1.154176369","rc":[{"ltp":3.55,"id":6215852}]}]}
{"op":"mcm","clk":"8463601010","pt":1548608025281,"mc":[{"id":"1.154176369","rc":[{"ltp":3.5,"id":6215852},{"ltp":1.4,"id":10141729}]}]}
{"op":"mcm","clk":"8463620500","pt":1548608202554,"mc":[{"id":"1.154176369","rc":[{"ltp":3.45,"id":6215852},{"ltp":1.41,"id":10141729}]}]}
{"op":"mcm","clk":"8463656047","pt":1548608445398,"mc":[{"id":"1.154176369","rc":[{"ltp":1.4,"id":10141729}]}]}
{"op":"mcm","clk":"8463663416","pt":1548608503749,"mc":[{"id":"1.154176369","rc":[{"ltp":1.41,"id":10141729}]}]}
{"op":"mcm","clk":"8463684528","pt":1548608683329,"mc":[{"id":"1.154176369","rc":[{"ltp":3.5,"id":6215852},{"ltp":1.4,"id":10141729}]}]}
{"op":"mcm","clk":"8463699932","pt":1548608805517,"mc":[{"id":"1.154176369","rc":[{"ltp":1.42,"id":10141729}]}]}
{"op":"mcm","clk":"8463716063","pt":1548608925014,"mc":[{"id":"1.154176369","rc":[{"ltp":1.4,"id":10141729}]}]}
{"op":"mcm","clk":"8463724736","pt":1548608985366,"mc":[{"id":"1.154176369","rc":[{"ltp":3.35,"id":6215852},{"ltp":1.42,"id":10141729}]}]}
{"op":"mcm","clk":"8463733252","pt":1548609045650,"mc":[{"id":"1.154176369","rc":[{"ltp":3.3,"id":6215852}]}]}
{"op":"mcm","clk":"8463741381","pt":1548609104061,"mc":[{"id":"1.154176369","rc":[{"ltp":1.44,"id":10141729}]}]}
{"op":"mcm","clk":"8463755428","pt":1548609149034,"mc":[{"id":"1.154176369","rc":[{"ltp":1.42,"id":10141729}]}]}
{"op":"mcm","clk":"8463789033","pt":1548609379297,"mc":[{"id":"1.154176369","rc":[{"ltp":1.43,"id":10141729}]}]}
{"op":"mcm","clk":"8463799007","pt":1548609451244,"mc":[{"id":"1.154176369","rc":[{"ltp":3.4,"id":6215852},{"ltp":1.42,"id":10141729}]}]}
{"op":"mcm","clk":"8463823531","pt":1548609643014,"mc":[{"id":"1.154176369","rc":[{"ltp":1.43,"id":10141729}]}]}
{"op":"mcm","clk":"8463826707","pt":1548609669798,"mc":[{"id":"1.154176369","rc":[{"ltp":3.3,"id":6215852}]}]}
{"op":"mcm","clk":"8463836403","pt":1548609748902,"mc":[{"id":"1.154176369","rc":[{"ltp":1.42,"id":10141729}]}]}
{"op":"mcm","clk":"8463853631","pt":1548609879016,"mc":[{"id":"1.154176369","rc":[{"ltp":3.4,"id":6215852}]}]}
{"op":"mcm","clk":"8463867470","pt":1548609984633,"mc":[{"id":"1.154176369","rc":[{"ltp":1.43,"id":10141729}]}]}
{"op":"mcm","clk":"8463885563","pt":1548610065613,"mc":[{"id":"1.154176369","rc":[{"ltp":3.35,"id":6215852}]}]}
{"op":"mcm","clk":"8463891981","pt":1548610115561,"mc":[{"id":"1.154176369","rc":[{"ltp":1.42,"id":10141729}]}]}
{"op":"mcm","clk":"8463907998","pt":1548610244171,"mc":[{"id":"1.154176369","rc":[{"ltp":3.3,"id":6215852}]}]}
{"op":"mcm","clk":"8463931882","pt":1548610421016,"mc":[{"id":"1.154176369","rc":[{"ltp":3.35,"id":6215852},{"ltp":1.4,"id":10141729}]}]}
{"op":"mcm","clk":"8463956245","pt":1548610602305,"mc":[{"id":"1.154176369","rc":[{"ltp":3.5,"id":6215852}]}]}
{"op":"mcm","clk":"8463963476","pt":1548610661573,"mc":[{"id":"1.154176369","rc":[{"ltp":1.42,"id":10141729}]}]}
{"op":"mcm","clk":"8463976453","pt":1548610782253,"mc":[{"id":"1.154176369","rc":[{"ltp":1.4,"id":10141729}]}]}
{"op":"mcm","clk":"8463990092","pt":1548610904311,"mc":[{"id":"1.154176369","rc":[{"ltp":1.41,"id":10141729}]}]}
{"op":"mcm","clk":"8464003385","pt":1548610957187,"mc":[{"id":"1.154176369","rc":[{"ltp":3.45,"id":6215852}]}]}
{"op":"mcm","clk":"8464016947","pt":1548611085531,"mc":[{"id":"1.154176369","rc":[{"ltp":1.4,"id":10141729}]}]}
{"op":"mcm","clk":"8464026992","pt":1548611192684,"mc":[{"id":"1.154176369","rc":[{"ltp":1.41,"id":10141729}]}]}
{"op":"mcm","clk":"8464033372","pt":1548611263177,"mc":[{"id":"1.154176369","rc":[{"ltp":3.5,"id":6215852},{"ltp":1.4,"id":10141729}]}]}
{"op":"mcm","clk":"8464038466","pt":1548611323996,"mc":[{"id":"1.154176369","rc":[{"ltp":3.55,"id":6215852},{"ltp":1.39,"id":10141729}]}]}
{"op":"mcm","clk":"8464048469","pt":1548611441740,"mc":[{"id":"1.154176369","rc":[{"ltp":1.4,"id":10141729}]}]}
{"op":"mcm","clk":"8464064749","pt":1548611625625,"mc":[{"id":"1.154176369","rc":[{"ltp":3.5,"id":6215852},{"ltp":1.39,"id":10141729}]}]}
{"op":"mcm","clk":"8464069230","pt":1548611675731,"mc":[{"id":"1.154176369","rc":[{"ltp":1.4,"id":10141729}]}]}
{"op":"mcm","clk":"8464074642","pt":1548611745565,"mc":[{"id":"1.154176369","marketDefinition":{"bspMarket":false,"turnInPlayEnabled":true,"persistenceEnabled":true,"marketBaseRate":5.0,"eventId":"29100785","eventTypeId":"2","numberOfWinners":1,"bettingType":"ODDS","marketType":"MATCH_ODDS","marketTime":"2019-01-27T17:52:00.000Z","suspendTime":"2019-01-27T17:52:00.000Z","bspReconciled":false,"complete":true,"inPlay":false,"crossMatching":true,"runnersVoidable":false,"numberOfActiveRunners":2,"betDelay":0,"status":"OPEN","runners":[{"status":"ACTIVE","sortPriority":1,"id":6215852,"name":"Jessica Pegula"},{"status":"ACTIVE","sortPriority":2,"id":10141729,"name":"Bianca Andreescu"}],"regulators":["MR_INT"],"discountAllowed":true,"timezone":"UTC","openDate":"2019-01-27T17:52:00.000Z","version":2612188537,"name":"Match Odds","eventName":"Pegula v Andreescu"},"rc":[{"ltp":1.39,"id":10141729}]}]}
{"op":"mcm","clk":"8464078042","pt":1548611803851,"mc":[{"id":"1.154176369","rc":[{"ltp":3.6,"id":6215852},{"ltp":1.4,"id":10141729}]}]}
{"op":"mcm","clk":"8464089553","pt":1548611865410,"mc":[{"id":"1.154176369","rc":[{"ltp":3.5,"id":6215852}]}]}
{"op":"mcm","clk":"8464108246","pt":1548612159757,"mc":[{"id":"1.154176369","rc":[{"ltp":3.4,"id":6215852},{"ltp":1.41,"id":10141729}]}]}
{"op":"mcm","clk":"8464112233","pt":1548612220135,"mc":[{"id":"1.154176369","rc":[{"ltp":1.4,"id":10141729}]}]}
{"op":"mcm","clk":"8464116575","pt":1548612282394,"mc":[{"id":"1.154176369","rc":[{"ltp":3.5,"id":6215852}]}]}
{"op":"mcm","clk":"8464125607","pt":1548612405577,"mc":[{"id":"1.154176369","rc":[{"ltp":3.45,"id":6215852}]}]}
{"op":"mcm","clk":"8464129165","pt":1548612452194,"mc":[{"id":"1.154176369","rc":[{"ltp":3.5,"id":6215852},{"ltp":1.41,"id":10141729}]}]}
{"op":"mcm","clk":"8464134290","pt":1548612519475,"mc":[{"id":"1.154176369","rc":[{"ltp":3.45,"id":6215852},{"ltp":1.4,"id":10141729}]}]}
{"op":"mcm","clk":"8464139086","pt":1548612581882,"mc":[{"id":"1.154176369","rc":[{"ltp":3.4,"id":6215852},{"ltp":1.42,"id":10141729}]}]}
{"op":"mcm","clk":"8464143846","pt":1548612645252,"mc":[{"id":"1.154176369","rc":[{"ltp":1.41,"id":10141729}]}]}
{"op":"mcm","clk":"8464147616","pt":1548612699440,"mc":[{"id":"1.154176369","rc":[{"ltp":3.45,"id":6215852},{"ltp":1.42,"id":10141729}]}]}
{"op":"mcm","clk":"8464159759","pt":1548612765610,"mc":[{"id":"1.154176369","marketDefinition":{"bspMarket":false,"turnInPlayEnabled":true,"persistenceEnabled":true,"marketBaseRate":5.0,"eventId":"29100785","eventTypeId":"2","numberOfWinners":1,"bettingType":"ODDS","marketType":"MATCH_ODDS","marketTime":"2019-01-27T17:52:00.000Z","suspendTime":"2019-01-27T17:52:00.000Z","bspReconciled":false,"complete":true,"inPlay":true,"crossMatching":true,"runnersVoidable":false,"numberOfActiveRunners":2,"betDelay":5,"status":"OPEN","runners":[{"status":"ACTIVE","sortPriority":1,"id":6215852,"name":"Jessica Pegula"},{"status":"ACTIVE","sortPriority":2,"id":10141729,"name":"Bianca Andreescu"}],"regulators":["MR_INT"],"discountAllowed":true,"timezone":"UTC","openDate":"2019-01-27T17:52:00.000Z","version":2612236727,"name":"Match Odds","eventName":"Pegula v Andreescu"},"rc":[{"ltp":3.5,"id":6215852},{"ltp":1.4,"id":10141729}]}]}
{"op":"mcm","clk":"8464163928","pt":1548612825605,"mc":[{"id":"1.154176369","rc":[{"ltp":3.15,"id":6215852},{"ltp":1.41,"id":10141729}]}]}
{"op":"mcm","clk":"8464168266","pt":1548612885649,"mc":[{"id":"1.154176369","rc":[{"ltp":2.84,"id":6215852},{"ltp":1.54,"id":10141729}]}]}
{"op":"mcm","clk":"8464172301","pt":1548612945152,"mc":[{"id":"1.154176369","rc":[{"ltp":2.92,"id":6215852},{"ltp":1.52,"id":10141729}]}]}
{"op":"mcm","clk":"8464176449","pt":1548613005646,"mc":[{"id":"1.154176369","rc":[{"ltp":2.56,"id":6215852},{"ltp":1.64,"id":10141729}]}]}
{"op":"mcm","clk":"8464181020","pt":1548613065629,"mc":[{"id":"1.154176369","rc":[{"ltp":2.28,"id":6215852},{"ltp":1.77,"id":10141729}]}]}
{"op":"mcm","clk":"8464185309","pt":1548613125386,"mc":[{"id":"1.154176369","rc":[{"ltp":2.02,"id":6215852},{"ltp":1.94,"id":10141729}]}]}
{"op":"mcm","clk":"8464189351","pt":1548613185575,"mc":[{"id":"1.154176369","rc":[{"ltp":1.98,"id":10141729}]}]}
{"op":"mcm","clk":"8464193582","pt":1548613245266,"mc":[{"id":"1.154176369","rc":[{"ltp":1.91,"id":6215852},{"ltp":2.08,"id":10141729}]}]}
{"op":"mcm","clk":"8464197781","pt":1548613304349,"mc":[{"id":"1.154176369","rc":[{"ltp":1.88,"id":6215852},{"ltp":2.14,"id":10141729}]}]}
{"op":"mcm","clk":"8464202149","pt":1548613365366,"mc":[{"id":"1.154176369","rc":[{"ltp":1.87,"id":6215852}]}]}
{"op":"mcm","clk":"8464206525","pt":1548613425632,"mc":[{"id":"1.154176369","rc":[{"ltp":1.76,"id":6215852},{"ltp":2.32,"id":10141729}]}]}
{"op":"mcm","clk":"8464210979","pt":1548613485584,"mc":[{"id":"1.154176369","rc":[{"ltp":1.69,"id":6215852},{"ltp":2.42,"id":10141729}]}]}
{"op":"mcm","clk":"8464215919","pt":1548613545483,"mc":[{"id":"1.154176369","rc":[{"ltp":2.46,"id":10141729}]}]}
{"op":"mcm","clk":"8464220481","pt":1548613605597,"mc":[{"id":"1.154176369","rc":[{"ltp":1.89,"id":6215852},{"ltp":2.12,"id":10141729}]}]}
{"op":"mcm","clk":"8464232980","pt":1548613665455,"mc":[{"id":"1.154176369","rc":[{"ltp":1.76,"id":6215852},{"ltp":2.3,"id":10141729}]}]}
{"op":"mcm","clk":"8464237558","pt":1548613724954,"mc":[{"id":"1.154176369","rc":[{"ltp":2.28,"id":10141729}]}]}
{"op":"mcm","clk":"8464241788","pt":1548613785645,"mc":[{"id":"1.154176369","rc":[{"ltp":1.77,"id":6215852},{"ltp":2.3,"id":10141729}]}]}
{"op":"mcm","clk":"8464246320","pt":1548613844143,"mc":[{"id":"1.154176369","rc":[{"ltp":1.69,"id":6215852},{"ltp":2.42,"id":10141729}]}]}
{"op":"mcm","clk":"8464250870","pt":1548613905202,"mc":[{"id":"1.154176369","rc":[{"ltp":1.58,"id":6215852},{"ltp":2.72,"id":10141729}]}]}
{"op":"mcm","clk":"8464255170","pt":1548613965657,"mc":[{"id":"1.154176369","rc":[{"ltp":1.53,"id":6215852},{"ltp":2.9,"id":10141729}]}]}
{"op":"mcm","clk":"8464259633","pt":1548614025526,"mc":[{"id":"1.154176369","rc":[{"ltp":1.48,"id":6215852},{"ltp":3.1,"id":10141729}]}]}
{"op":"mcm","clk":"8464264290","pt":1548614085603,"mc":[{"id":"1.154176369","rc":[{"ltp":1.49,"id":6215852}]}]}
{"op":"mcm","clk":"8464269193","pt":1548614145572,"mc":[{"id":"1.154176369","rc":[{"ltp":1.44,"id":6215852},{"ltp":3.25,"id":10141729}]}]}
{"op":"mcm","clk":"8464273871","pt":1548614205456,"mc":[{"id":"1.154176369","rc":[{"ltp":1.48,"id":6215852},{"ltp":3.1,"id":10141729}]}]}
{"op":"mcm","clk":"8464278806","pt":1548614265595,"mc":[{"id":"1.154176369","rc":[{"ltp":1.47,"id":6215852},{"ltp":3.25,"id":10141729}]}]}
{"op":"mcm","clk":"8464283895","pt":1548614325280,"mc":[{"id":"1.154176369","rc":[{"ltp":1.43,"id":6215852},{"ltp":3.3,"id":10141729}]}]}
{"op":"mcm","clk":"8464289488","pt":1548614385641,"mc":[{"id":"1.154176369","rc":[{"ltp":1.38,"id":6215852},{"ltp":3.6,"id":10141729}]}]}
{"op":"mcm","clk":"8464295120","pt":1548614445615,"mc":[{"id":"1.154176369","rc":[{"ltp":1.39,"id":6215852}]}]}
{"op":"mcm","clk":"8464300497","pt":1548614505497,"mc":[{"id":"1.154176369","rc":[{"ltp":1.4,"id":6215852},{"ltp":3.5,"id":10141729}]}]}
{"op":"mcm","clk":"8464313484","pt":1548614565221,"mc":[{"id":"1.154176369","rc":[{"ltp":1.39,"id":6215852},{"ltp":3.55,"id":10141729}]}]}
{"op":"mcm","clk":"8464319160","pt":1548614625591,"mc":[{"id":"1.154176369","rc":[{"ltp":1.33,"id":6215852},{"ltp":3.9,"id":10141729}]}]}
{"op":"mcm","clk":"8464324544","pt":1548614685443,"mc":[{"id":"1.154176369","rc":[{"ltp":1.28,"id":6215852},{"ltp":4.3,"id":10141729}]}]}
{"op":"mcm","clk":"8464329959","pt":1548614745442,"mc":[{"id":"1.154176369","rc":[{"ltp":1.26,"id":6215852},{"ltp":4.8,"id":10141729}]}]}
{"op":"mcm","clk":"8464335354","pt":1548614805611,"mc":[{"id":"1.154176369","rc":[{"ltp":1.3,"id":6215852},{"ltp":4.4,"id":10141729}]}]}
{"op":"mcm","clk":"8464340190","pt":1548614865662,"mc":[{"id":"1.154176369","rc":[{"ltp":1.29,"id":6215852},{"ltp":4.5,"id":10141729}]}]}
{"op":"mcm","clk":"8464344979","pt":1548614924712,"mc":[{"id":"1.154176369","rc":[{"ltp":1.3,"id":6215852},{"ltp":4.3,"id":10141729}]}]}
{"op":"mcm","clk":"8464349914","pt":1548614984938,"mc":[{"id":"1.154176369","rc":[{"ltp":1.32,"id":6215852},{"ltp":3.75,"id":10141729}]}]}
{"op":"mcm","clk":"8464355108","pt":1548615045652,"mc":[{"id":"1.154176369","rc":[{"ltp":1.33,"id":6215852},{"ltp":4.0,"id":10141729}]}]}
{"op":"mcm","clk":"8464360014","pt":1548615105530,"mc":[{"id":"1.154176369","rc":[{"ltp":1.32,"id":6215852}]}]}
{"op":"mcm","clk":"8464364488","pt":1548615165635,"mc":[{"id":"1.154176369","rc":[{"ltp":1.28,"id":6215852},{"ltp":4.5,"id":10141729}]}]}
{"op":"mcm","clk":"8464369283","pt":1548615225399,"mc":[{"id":"1.154176369","rc":[{"ltp":1.22,"id":6215852},{"ltp":5.5,"id":10141729}]}]}
{"op":"mcm","clk":"8464374205","pt":1548615285579,"mc":[{"id":"1.154176369","rc":[{"ltp":1.33,"id":6215852},{"ltp":4.1,"id":10141729}]}]}
{"op":"mcm","clk":"8464379367","pt":1548615345667,"mc":[{"id":"1.154176369","rc":[{"ltp":1.4,"id":6215852},{"ltp":3.45,"id":10141729}]}]}
{"op":"mcm","clk":"8464384369","pt":1548615405553,"mc":[{"id":"1.154176369","rc":[{"ltp":1.43,"id":6215852},{"ltp":3.0,"id":10141729}]}]}
{"op":"mcm","clk":"8464397336","pt":1548615465544,"mc":[{"id":"1.154176369","rc":[{"ltp":1.65,"id":6215852},{"ltp":2.52,"id":10141729}]}]}
{"op":"mcm","clk":"8464402866","pt":1548615525621,"mc":[{"id":"1.154176369","rc":[{"ltp":1.78,"id":6215852},{"ltp":2.26,"id":10141729}]}]}
{"op":"mcm","clk":"8464408725","pt":1548615585524,"mc":[{"id":"1.154176369","rc":[{"ltp":1.77,"id":6215852},{"ltp":2.28,"id":10141729}]}]}
{"op":"mcm","clk":"8464415499","pt":1548615645645,"mc":[{"id":"1.154176369","rc":[{"ltp":1.87,"id":6215852},{"ltp":2.14,"id":10141729}]}]}
{"op":"mcm","clk":"8464422643","pt":1548615705557,"mc":[{"id":"1.154176369","rc":[{"ltp":2.16,"id":10141729}]}]}
{"op":"mcm","clk":"8464429510","pt":1548615765655,"mc":[{"id":"1.154176369","rc":[{"ltp":1.92,"id":6215852},{"ltp":2.06,"id":10141729}]}]}
{"op":"mcm","clk":"8464436050","pt":1548615825566,"mc":[{"id":"1.154176369","rc":[{"ltp":2.08,"id":6215852},{"ltp":1.93,"id":10141729}]}]}
{"op":"mcm","clk":"8464441962","pt":1548615885236,"mc":[{"id":"1.154176369","rc":[{"ltp":1.92,"id":10141729}]}]}
{"op":"mcm","clk":"8464448231","pt":1548615945516,"mc":[{"id":"1.154176369","rc":[{"ltp":1.88,"id":6215852},{"ltp":2.14,"id":10141729}]}]}
{"op":"mcm","clk":"8464454186","pt":1548616005179,"mc":[{"id":"1.154176369","rc":[{"ltp":1.85,"id":6215852},{"ltp":2.16,"id":10141729}]}]}
{"op":"mcm","clk":"8464460193","pt":1548616065650,"mc":[{"id":"1.154176369","rc":[{"ltp":1.72,"id":6215852},{"ltp":2.4,"id":10141729}]}]}
{"op":"mcm","clk":"8464466362","pt":1548616125577,"mc":[{"id":"1.154176369","rc":[{"ltp":1.66,"id":6215852},{"ltp":2.52,"id":10141729}]}]}
{"op":"mcm","clk":"8464472169","pt":1548616185328,"mc":[{"id":"1.154176369","rc":[{"ltp":1.37,"id":6215852},{"ltp":3.65,"id":10141729}]}]}
{"op":"mcm","clk":"8464478510","pt":1548616245388,"mc":[{"id":"1.154176369","rc":[{"ltp":1.52,"id":6215852},{"ltp":3.0,"id":10141729}]}]}
{"op":"mcm","clk":"8464484923","pt":1548616305331,"mc":[{"id":"1.154176369","rc":[{"ltp":1.58,"id":6215852},{"ltp":2.76,"id":10141729}]}]}
{"op":"mcm","clk":"8464499061","pt":1548616365602,"mc":[{"id":"1.154176369","rc":[{"ltp":1.95,"id":6215852},{"ltp":2.04,"id":10141729}]}]}
{"op":"mcm","clk":"8464505241","pt":1548616425660,"mc":[{"id":"1.154176369","rc":[{"ltp":1.98,"id":6215852},{"ltp":2.02,"id":10141729}]}]}
{"op":"mcm","clk":"8464511421","pt":1548616485412,"mc":[{"id":"1.154176369","rc":[{"ltp":2.34,"id":6215852},{"ltp":1.75,"id":10141729}]}]}
{"op":"mcm","clk":"8464517675","pt":1548616545640,"mc":[{"id":"1.154176369","rc":[{"ltp":2.6,"id":6215852},{"ltp":1.64,"id":10141729}]}]}
{"op":"mcm","clk":"8464523821","pt":1548616605421,"mc":[{"id":"1.154176369","rc":[{"ltp":2.5,"id":6215852},{"ltp":1.66,"id":10141729}]}]}
{"op":"mcm","clk":"8464529784","pt":1548616665271,"mc":[{"id":"1.154176369","rc":[{"ltp":2.48,"id":6215852}]}]}
{"op":"mcm","clk":"8464535284","pt":1548616725572,"mc":[{"id":"1.154176369","rc":[{"ltp":2.86,"id":6215852},{"ltp":1.54,"id":10141729}]}]}
{"op":"mcm","clk":"8464540607","pt":1548616785644,"mc":[{"id":"1.154176369","rc":[{"ltp":3.8,"id":6215852},{"ltp":1.38,"id":10141729}]}]}
{"op":"mcm","clk":"8464546190","pt":1548616845475,"mc":[{"id":"1.154176369","rc":[{"ltp":4.4,"id":6215852},{"ltp":1.31,"id":10141729}]}]}
{"op":"mcm","clk":"8464551407","pt":1548616905291,"mc":[{"id":"1.154176369","rc":[{"ltp":4.8,"id":6215852},{"ltp":1.27,"id":10141729}]}]}
{"op":"mcm","clk":"8464556160","pt":1548616965597,"mc":[{"id":"1.154176369","rc":[{"ltp":4.7,"id":6215852},{"ltp":1.28,"id":10141729}]}]}
{"op":"mcm","clk":"8464561074","pt":1548617025604,"mc":[{"id":"1.154176369","rc":[{"ltp":3.85,"id":6215852},{"ltp":1.35,"id":10141729}]}]}
{"op":"mcm","clk":"8464566400","pt":1548617085578,"mc":[{"id":"1.154176369","rc":[{"ltp":2.82,"id":6215852},{"ltp":1.55,"id":10141729}]}]}
{"op":"mcm","clk":"8464571748","pt":1548617145646,"mc":[{"id":"1.154176369","rc":[{"ltp":2.78,"id":6215852},{"ltp":1.57,"id":10141729}]}]}
{"op":"mcm","clk":"8464576886","pt":1548617205666,"mc":[{"id":"1.154176369","rc":[{"ltp":2.88,"id":6215852},{"ltp":1.53,"id":10141729}]}]}
{"op":"mcm","clk":"8464590304","pt":1548617265629,"mc":[{"id":"1.154176369","rc":[{"ltp":4.3,"id":6215852},{"ltp":1.31,"id":10141729}]}]}
{"op":"mcm","clk":"8464596093","pt":1548617325481,"mc":[{"id":"1.154176369","rc":[{"ltp":4.2,"id":6215852},{"ltp":1.32,"id":10141729}]}]}
{"op":"mcm","clk":"8464602078","pt":1548617385655,"mc":[{"id":"1.154176369","rc":[{"ltp":4.9,"id":6215852},{"ltp":1.33,"id":10141729}]}]}
{"op":"mcm","clk":"8464608059","pt":1548617445653,"mc":[{"id":"1.154176369","rc":[{"ltp":6.0,"id":6215852},{"ltp":1.19,"id":10141729}]}]}
{"op":"mcm","clk":"8464614076","pt":1548617505601,"mc":[{"id":"1.154176369","rc":[{"ltp":7.0,"id":6215852},{"ltp":1.13,"id":10141729}]}]}
{"op":"mcm","clk":"8464619262","pt":1548617565594,"mc":[{"id":"1.154176369","rc":[{"ltp":7.2,"id":6215852},{"ltp":1.2,"id":10141729}]}]}
{"op":"mcm","clk":"8464624785","pt":1548617625037,"mc":[{"id":"1.154176369","rc":[{"ltp":6.8,"id":6215852},{"ltp":1.17,"id":10141729}]}]}
{"op":"mcm","clk":"8464635963","pt":1548617745584,"mc":[{"id":"1.154176369","rc":[{"ltp":17.5,"id":6215852},{"ltp":1.06,"id":10141729}]}]}
{"op":"mcm","clk":"8464641882","pt":1548617805610,"mc":[{"id":"1.154176369","rc":[{"ltp":21.0,"id":6215852},{"ltp":1.04,"id":10141729}]}]}
{"op":"mcm","clk":"8464647399","pt":1548617865614,"mc":[{"id":"1.154176369","rc":[{"ltp":34.0,"id":6215852}]}]}
{"op":"mcm","clk":"8464652566","pt":1548617925276,"mc":[{"id":"1.154176369","rc":[{"ltp":26.0,"id":6215852}]}]}
{"op":"mcm","clk":"8464657649","pt":1548617985549,"mc":[{"id":"1.154176369","rc":[{"ltp":17.5,"id":6215852},{"ltp":1.06,"id":10141729}]}]}
{"op":"mcm","clk":"8464662677","pt":1548618045453,"mc":[{"id":"1.154176369","rc":[{"ltp":27.0,"id":6215852},{"ltp":1.02,"id":10141729}]}]}
{"op":"mcm","clk":"8464667663","pt":1548618105546,"mc":[{"id":"1.154176369","rc":[{"ltp":65.0,"id":6215852}]}]}
{"op":"mcm","clk":"8464680430","pt":1548618163968,"mc":[{"id":"1.154176369","rc":[{"ltp":60.0,"id":6215852}]}]}
{"op":"mcm","clk":"8464686380","pt":1548618225538,"mc":[{"id":"1.154176369","rc":[{"ltp":1.01,"id":10141729}]}]}
{"op":"mcm","clk":"8464692195","pt":1548618285669,"mc":[{"id":"1.154176369","rc":[{"ltp":36.0,"id":6215852},{"ltp":1.03,"id":10141729}]}]}
{"op":"mcm","clk":"8464698047","pt":1548618345296,"mc":[{"id":"1.154176369","rc":[{"ltp":29.0,"id":6215852}]}]}
{"op":"mcm","clk":"8464703615","pt":1548618405549,"mc":[{"id":"1.154176369","rc":[{"ltp":120.0,"id":6215852},{"ltp":1.01,"id":10141729}]}]}
{"op":"mcm","clk":"8464708490","pt":1548618465176,"mc":[{"id":"1.154176369","rc":[{"ltp":34.0,"id":6215852},{"ltp":1.04,"id":10141729}]}]}
{"op":"mcm","clk":"8464713428","pt":1548618523655,"mc":[{"id":"1.154176369","rc":[{"ltp":55.0,"id":6215852},{"ltp":1.02,"id":10141729}]}]}
{"op":"mcm","clk":"8464717535","pt":1548618572883,"mc":[{"id":"1.154176369","marketDefinition":{"bspMarket":false,"turnInPlayEnabled":true,"persistenceEnabled":true,"marketBaseRate":5.0,"eventId":"29100785","eventTypeId":"2","numberOfWinners":1,"bettingType":"ODDS","marketType":"MATCH_ODDS","marketTime":"2019-01-27T17:52:00.000Z","suspendTime":"2019-01-27T17:52:00.000Z","bspReconciled":false,"complete":true,"inPlay":true,"crossMatching":true,"runnersVoidable":false,"numberOfActiveRunners":2,"betDelay":5,"status":"SUSPENDED","runners":[{"status":"ACTIVE","sortPriority":1,"id":6215852,"name":"Jessica Pegula"},{"status":"ACTIVE","sortPriority":2,"id":10141729,"name":"Bianca Andreescu"}],"regulators":["MR_INT"],"discountAllowed":true,"timezone":"UTC","openDate":"2019-01-27T17:52:00.000Z","version":2612444702,"name":"Match Odds","eventName":"Pegula v Andreescu"}}]}
{"op":"mcm","clk":"8464721554","pt":1548618621023,"mc":[{"id":"1.154176369","marketDefinition":{"bspMarket":false,"turnInPlayEnabled":true,"persistenceEnabled":true,"marketBaseRate":5.0,"eventId":"29100785","eventTypeId":"2","numberOfWinners":1,"bettingType":"ODDS","marketType":"MATCH_ODDS","marketTime":"2019-01-27T17:52:00.000Z","suspendTime":"2019-01-27T17:52:00.000Z","bspReconciled":false,"complete":true,"inPlay":true,"crossMatching":false,"runnersVoidable":false,"numberOfActiveRunners":0,"betDelay":5,"status":"CLOSED","settledTime":"2019-01-27T19:49:31.000Z","runners":[{"status":"LOSER","sortPriority":1,"id":6215852,"name":"Jessica Pegula"},{"status":"WINNER","sortPriority":2,"id":10141729,"name":"Bianca Andreescu"}],"regulators":["MR_INT"],"discountAllowed":true,"timezone":"UTC","openDate":"2019-01-27T17:52:00.000Z","version":2612446526,"name":"Match Odds","eventName":"Pegula v Andreescu"}}]}
